<?xml version="1.0" encoding="UTF-8"?>
<marc:collection xmlns="http://www.loc.gov/MARC21/slim" xmlns:marc="http://www.loc.gov/MARC21/slim" xmlns:xsi="http://www.w3.org/2001/XMLSchema-instance" xsi:schemaLocation="http://www.loc.gov/standards/marcxml/schema/MARC21slim.xsd http://www.loc.gov/MARC21/slim">
  <record>
    <leader>00000npcaa2200000 u 4500</leader>
    <controlfield tag="008">180202i19601977xx                  eng d</controlfield>
    <datafield ind1=" " ind2=" " tag="040">
      <subfield code="a">DWP</subfield>
      <subfield code="b">eng</subfield>
      <subfield code="c">DWP</subfield>
      <subfield code="e">dacs</subfield>
    </datafield>
    <datafield ind1="0" ind2="7" tag="041">
      <subfield code="a">eng</subfield>
      <subfield code="2">iso639-2b</subfield>
    </datafield>
    <datafield ind1=" " ind2=" " tag="049">
      <subfield code="a">DWP</subfield>
    </datafield>
    <datafield ind1=" " ind2=" " tag="099">
      <subfield code="a">025</subfield>
    </datafield>
    <datafield ind1="0" ind2="0" tag="245">
      <subfield code="a">Downtown Progress Records,</subfield>
      <subfield code="f">1960-1977</subfield>
    </datafield>
    <datafield ind1=" " ind2=" " tag="300">
      <subfield code="a">22</subfield>
      <subfield code="f">linear feet; 102 boxes</subfield>
    </datafield>
    <datafield ind1="2" ind2=" " tag="520">
      <subfield code="a">The collection contains correspondence, meeting minutes, committee reports, memoranda, legal papers, and general office files of the organization.  It also contains photographs, sketches, maps, architectural drawings, street diagrams, and slides of buildings and streetscapes located in the downtown urban renewal area.</subfield>
    </datafield>
    <datafield ind1=" " ind2=" " tag="545">
      <subfield code="a">Downtown Progress, originally known as the National Capital Downtown Committee, was a non-profit organization of businessmen formed to revitalize downtown from the Capitol to the White House.  The downtown urban renewal area was bounded by 5th and 15th Streets, NW, and Pennsylvania Avenue to Massachusetts Avenue, N.W.</subfield>
    </datafield>
    <datafield ind1=" " ind2=" " tag="546">
      <subfield code="a">English.</subfield>
    </datafield>
    <datafield ind1=" " ind2="7" tag="650">
      <subfield code="a">Architecture</subfield>
      <subfield code="2">Library of Congress Subject Headings</subfield>
    </datafield>
    <datafield ind1=" " ind2="7" tag="650">
      <subfield code="a">Neighborhoods</subfield>
      <subfield code="2">Library of Congress Subject Headings</subfield>
    </datafield>
    <datafield ind1=" " ind2=" " tag="852">
      <subfield code="a">DWP</subfield>
    </datafield>
    <datafield ind1="4" ind2="2" tag="856">
      <subfield code="z">Finding aid online:</subfield>
      <subfield code="u">http://washingtoniana.dclibrary.org</subfield>
    </datafield>
  </record>
</marc:collection>

